% ------------------------------------------------------------------------
% SAMPLE BIBLIOGRAPHY FILE
% ------------------------------------------------------------------------
@MISC{pmf,
    author = {Ruslan Salakhutdinov and Andriy Mnih},
    title = {Probabilistic Matrix Factorization},
    year = {2007},
    Booktitle = {Conference on Neural Information Processing Systems},
    url = {http://citeseerx.ist.psu.edu/viewdoc/summary?doi=10.1.1.127.6198}
}

@MISC{kpmf,
    author = {Tinghui Zhou and Hanhuai Shan and Arindam Banerjee and Guillermo Sapiro},
    title = {Kernelized Probabilistic Matrix Factorization},
    year = {2012},
    Booktitle = {SIAM International Conference on Data Mining},
    url = {http://dx.doi.org/10.1137/1.9781611972825.35}
}
@InProceedings{SalMnih2008,
  title =   "Bayesian Probabilistic Matrix Factorization using {M}arkov chain {M}onte {C}arlo",
  author =  "Ruslan Salakhutdinov and Andriy Mnih",  
  booktitle = "Proceedings of the 25th International Conference on Machine Learning",
  pages = {880--887},
  year = "2008",
  url = {http://dx.doi.org/10.1145/1390156.1390267}
}
@inproceedings{toledo13,
  author    = {Raciel Yera Toledo and
               Luis Martinez Lopez and
               Yail{\'e} Caballero Mota},
  title     = {Managing natural noise in collaborative recommender systems},
  booktitle = {IFSA/NAFIPS},
  year      = {2013},
  pages     = {872-877},
  url        = {http://dx.doi.org/10.1109/IFSA-NAFIPS.2013.6608515},
}
@inproceedings{active-mf,
    Year = {2013},
    Booktitle = {ACM SIGKDD},
    Author = {Dougal J. Sutherland and Barnabas Poczos and Jeff Schneider},
    url = {http://www.autonlab.org/autonweb/21710/version/2/part/5/data/kdd-13.pdf},
    Title = {Active Learning and Search on Low-Rank Matrices}
}

@online{active-mf-slides,
    Year = {2013},
    Booktitle = {ACM SIGKDD Slides},
    Author = {Dougal J. Sutherland and Barnabas Poczos and Jeff Schneider},
    url = {http://www.cs.cmu.edu/~dsutherl/active-pmf/kdd-13-slides.pdf},
    Title = {Active Learning and Search on Low-Rank Matrices Slides -  Variational PMF}
}

@inproceedings{silva,
    Year = {2012},
    Booktitle = {Proceedings of the 18th ACM SIGKDD international conference on Knowledge discovery and data mining},
    Author = {Jorge Silva and Lawrence Carin},
    url = {http://doi.acm.org/10.1145/2339530.2339584},
    Title = {Active learning for online bayesian matrix factorization},
    pages={325-333}
}


@INPROCEEDINGS{onlinepmf, 
author={Guang Ling and Haiqin Yang and King, I. and Lyu, M.R.}, 
booktitle={Neural Networks (IJCNN), The 2012 International Joint Conference on}, 
title={Online learning for collaborative filtering}, 
year={2012}, 
month={June}, 
pages={1-8}, 
keywords={collaborative filtering;computer aided instruction;matrix decomposition;probability;recommender systems;collaborative filtering;matrix factorization based CF methods;online learning algorithms;online learning framework;probabilistic matrix factorization;recommender systems;top-one probability based ranking matrix factorization;Collaboration;Entropy;Heuristic algorithms;Recommender systems;Stochastic processes;TV;Vectors}, 
doi={10.1109/IJCNN.2012.6252670},
url = {http://dx.doi.org/10.1109/IJCNN.2012.6252670},
ISSN={2161-4393},}

@MISC{al-chall,
    author = {ETH Zurich},
    title = {Active Learning Challenge},
    year = {2010},
    Booktitle = {JMLR W&CP and IEEE Proceedings of WCCI 2010},
    url = {http://www.causality.inf.ethz.ch/activelearning.php?page=datasets}
}
@inproceedings{nnmf-grad,
  author    = {Chih-Jen Lin},
  title     = {Projected Gradient Methods for Nonnegative Matrix Factorization},
  booktitle = {Neural Computation},
  year      = {2007},
  pages     = {2756-2779},
  url        = {http://dx.doi.org/10.1162/neco.2007.19.10.2756},
}
@MISC{prime-number-theorem,
   author = "Charles Louis Xavier Joseph de la Vall{\'e}e Poussin",
   note = "A strong form of the prime number theorem, 19th century" }

% ------------------------------------------------------------------------

@BOOK{texbook,
   author = "Donald E. Knuth",
   title= "The {{\TeX}book}",
   publisher = "Addison-Wesley",
   year = 1984 }

@BOOK{latex,
   author = "Leslie Lamport",
   title = "{\LaTeX:} {A} Document Preparation System",
   publisher = "Addison-Wesley",
   year = 1986 }

% ------------------------------------------------------------------------

@BOOK{RR73,
 author={H. Radjavi and P. Rosenthal},
 title={Invariant {Subspaces}},
 publisher={Springer-Verlag},
 address={New York},
 year={1973},
}

@BOOK{Aup91,
 author={B. Aupetit},
 title={A {Primer} on {Spectral} {Theory}},
 publisher={Springer-Verlag},
 address={New York},
 year={1991},
}

@BOOK{Dou72,
 author={R. G. Douglas},
 title={Banach {Algebra} {Techniques} in {Operator} {Theory}},
 publisher={Academic Press},
 address={New York},
 year={1972},
}

@BOOK{Hal82,
 author={P. R. Halmos},
 title={A {Hilbert} {Space} {Problem} {Book}},
 edition={Second},
 publisher={Springer-Verlag},
 address={New York},
 year={1982},
}

@BOOK{Rud73,
 author={W. Rudin},
 title={Functional {Analysis}},
 publisher={McGraw-Hill},
 address={New York},
 year={1973},
}

@BOOK{Con90,
 author={J. B. Conway},
 title={A {Course} in {Functional} {Analysis}},
 edition={Second},
 publisher={Springer-Verlag},
 address={New York},
 year={1990},
}

@BOOK{Con78,
 author={J. B. Conway},
 title={Functions of {One} {Complex} {Variable}},
 publisher={Springer-Verlag},
 address={New York},
 year={1978},
}

@BOOK{KR83,
 author={R. V. Kadison and J. R. Ringrose},
 title={Fundamentals of the {Theory} of {Operator} {Algebras},
        {Part} {I}},
 publisher={Academic Press},
 address={New York},
 year={1983},
}

@BOOK{KR86,
 author={R. V. Kadison and J. R. Ringrose},
 title={Fundamentals of the {Theory} of {Operator} {Algebras},
        {Part} {II}},
 publisher={Academic Press},
 address={New York},
 year={1986},
}

@INBOOK{SFPT,
 author={N. Dunford and J. T. Schwartz},
 title={Linear {Operators},
        {Part} {I}: {General} {Theory}},
 pages={456},
 publisher={Interscience},
 address={New York},
 year={1957},
}

@BOOK{DS57,
 author={N. Dunford and J. T. Schwartz},
 title={Linear {Operators},
        {Part} {I}: {General} {Theory}},
 publisher={Interscience},
 address={New York},
 year={1957},
}

@BOOK{Gan59,
 author={F. R. Gantmacher},
 title={Applications of the {Theory} of {Matrices}},
 publisher={Interscience},
 address={New York},
 year={1959},
}

@BOOK{Pau86,
 author={Vern I. Paulsen},
 title={Completely bounded maps and dilations},
 series={Pitman Research Notes in Mathematics Series},
 volume={146},
 publisher={Longman Scientific \& Technical},
 address={Harlow UK},
 year={1986},
}

@BOOK{Dav88,
 author={Kenneth R. Davidson},
 title={Nest algebras},
 series={Pitman Research Notes in Mathematics Series},
 volume={191},
 publisher={Longman Scientific \& Technical},
 address={Harlow UK},
 year={1988},
}

@BOOK{Spi65,
 author={Michael Spivak},
 title={Calculus on {Manifolds}},
 publisher={The Benjamin/Cummings Publishing Company},
 address={New York},
 year={1965},
}

@BOOK{Dev68,
 author={Allen Devinaz},
 title={Advanced {Calculus}},
 publisher={Holt, Rinehart and Winston},
 address={New York},
 year={1968},
}

@BOOK{Gam90,
 editor={R. V. Gamkerlidze},
 title={Analysis {I}{I}: {Convex} {Analysis} and
        {Approximation} {Theory}},
 series={Encyclopaedia of Mathematical Sciences},
 volume={14},
 publisher={Springer-Verlag},
 address={New York},
 year={1990},
}

@BOOK{Hen93,
 author={Peter Henderson},
 title={Object-oriented specification and design with {C}$++$},
 publisher={McGraw-Hill},
 address={London},
 year={1993},
}

% ------------------------------------------------------------------------

@ARTICLE{Rea85,
 author={C. J. Read},
 title={A solution to the invariant subspace problem on the space $l_1$},
 journal={Bull. London Math. Soc.},
 volume={17},
 year={1985},
 pages={305-317},
}

@ARTICLE{Enf87,
 author={P. Enflo},
 title={On the invariant subspaces problem for {Banach} spaces},
 journal={Acta. Math.},
 note={Seminare Maurey-Schwartz (1975-1976)},
 volume={158},
 year={1987},
 pages={213-313},
}

@ARTICLE{Dau75,
 author={J. Daughtry},
 title={An invariant subspace theorem},
 journal={Proc. Amer. Math. Soc.},
 volume={49},
 year={1975},
 pages={267-268},
}

@ARTICLE{KPS75,
 author={H. W. Kim and C. Pearcy and A. L. Shields},
 title={Rank-One Commutators and Hyperinvariant Subspaces},
 journal={Michigan Math. J.},
 volume={22},
 number={3},
 year={1975},
 pages={193-194},
}

% --------------------------------------------------------------------------

@ARTICLE{Rad87,
 author={H. Radjavi},
 title={The {Engel}-{Jacobson} {Theorem} {Revisited}},
 journal={J. Alg.},
 volume={111},
 year={1987},
 pages={427-430},
}

@ARTICLE{MOR91,
 author={B. Mathes and M. Omladi\v{c} and H. Radjavi},
 title={Linear {Spaces} of {Nilpotent} {Operators}},
 journal={Linear Algebra Appl.},
 volume={149},
 year={1991},
 pages={215-225},
}

@ARTICLE{Lom73,
 author={V. I. Lomonosov},
 title={Invariant subspaces for operators commuting with compact
        operators},
 journal={Functional Anal. Appl.},
 volume=7,
 year=1973,
 pages="213-214",
}

@ARTICLE{Lom91,
 author={V. I. Lomonosov},
 title={An extension of {Burnside}'s theorem to infinite
        dimensional spaces},
 journal={Israel J. Math},
 volume=75,
 year=1991,
 pages="329-339",
}

@ARTICLE{Lom92,
 author={V. I. Lomonosov},
 title={On {Real} {Invariant} {Subspaces} of {Bounded} {Operators} with
       {Compact} {Imaginary} {Part}},
 journal={Proc. Amer. Math. Soc.},
 volume=115,
 number=3,
 month=jul,
 year=1992,
 pages="775-777",
}

@ARTICLE{dB59,
 author={L. de Branges},
 title={The {Stone}-{Weierstrass} {Theorem}},
 journal={Proc. Amer. Math. Soc.},
 volume=10,
 year=1959,
 pages="822-824",
}

@ARTICLE{dB93,
 author={L. de Branges},
 title={A construction of invariant subspaces},
 journal={Math. Nachr.},
 volume=163,
 year=1993,
 pages="163-175",
}

@ARTICLE{AAB95,
 author={Y. A. Abramovich and C. D. Aliprantis and O. Burkinshaw},
 title={Another Characterization of the Invariant Subspace Problem},
 journal={Operator Theory in Function Spaces and Banach Lattices.
          {\em The A.C.\,Zaanen Anniversary Volume},
          Operator Theory: Advances and Applications},
 volume={75},
 year={1995},
 pages={15-31},
 note={Birkh\"auser Verlag},
}

@ARTICLE{LM65,
 author={Ju. I. Ljubi\v{c} and V. I. Macaev},
 title={On Operators with a Separable Spectrum},
 journal={Amer. Math. Soc. Transl. (2)},
 volume={47},
 year={1965},
 pages={89-129},
}

% ------------------------------------------------------------------------

@MASTERSTHESIS{Sim90,
 author={A. Simoni\v{c}},
 title={Grupe Operatorjev s Pozitivnim Spektrom},
 school={Univerza v Ljubljani, FNT, Oddelek za Matematiko},
 year={1990},
}

@UNPUBLISHED{Sim91,
 author={A. Simoni\v{c}},
 title={Notes on {Subharmonic} {Functions}},
 note={Lecture Notes, Dalhousie University,
       Department of Mathematics, Statistics, \& Computing Science},
 year={1991},
}

@ARTICLE{Sim92,
 author={A. Simoni\v{c}},
 title={Matrix {Groups} with {Positive} {Spectra}},
 journal={Linear Algebra Appl.},
 volume={173},
 year={1992},
 pages={57-76},
}

@PHDTHESIS{Sim94,
 author={A. Simoni\v{c}},
 title={An {Extension} of {Lomonosov's} {Techniques} to {Non}-{Compact}
       {Operators}},
 school={Dalhousie University,
         Department of Mathematics, Statistics, \& Computing Science},
 year={1994},
}

@ARTICLE{Sim96a,
 author={A. Simoni\v{c}},
 title={A {Construction} of {Lomonosov} {Functions} and
       {Applications} to the {Invariant} {Subspace} {Problem}},
 journal={Pacific J. Math.},
 volume={175},
 pages={257-270},
 year={1996},
}

@ARTICLE{Sim96b,
 author={A. Simoni\v{c}},
 title={An extension of {Lomonosov's} {Techniques} to non-compact
       {Operators}},
 journal={Trans. Amer. Math. Soc.},
 volume={348},
 pages={975-995},
 year={1996},
}

% ------------------------------------------------------------------------

@online{kmean-sil,
author = {MatlabCookbook},
title = {K-Means Validating cluster identity },
year={2013},
url = {http://www.matlab-cookbook.com/recipes/0100_Statistics/150_kmeans_clustering.html},
}


@article{highdim-clust,
 author = {Kriegel, Hans-Peter and Kr\"{o}ger, Peer and Zimek, Arthur},
 title = {Clustering High-dimensional Data: A Survey on Subspace Clustering, Pattern-based Clustering, and Correlation Clustering},
 journal = {ACM Trans. Knowl. Discov. Data},
 issue_date = {March 2009},
 volume = {3},
 number = {1},
 month = mar,
 year = {2009},
 issn = {1556-4681},
 pages = {1:1--1:58},
 articleno = {1},
 numpages = {58},
 url = {http://doi.acm.org/10.1145/1497577.1497578},
 doi = {10.1145/1497577.1497578},
 acmid = {1497578},
 publisher = {ACM},
 address = {New York, NY, USA},
 keywords = {Survey, clustering, high-dimensional data},
} 


% -----------------------------------------------
@article{isserlis1918,
 jstor_articletype = {research-article},
 title = {On a Formula for the Product-Moment Coefficient of any Order of a Normal Frequency Distribution in any Number of Variables},
 author = {Isserlis, L.},
 journal = {Biometrika},
 jstor_issuetitle = {},
 volume = {12},
 number = {1/2},
 jstor_formatteddate = {Nov., 1918},
 pages = {134-139},
 url = {http://www.jstor.org/stable/2331932},
 ISSN = {00063444},
 abstract = {},
 language = {English},
 year = {1918},
 publisher = {Biometrika Trust},
 copyright = {Copyright © 1918 Biometrika Trust},
}


@online{mcmc-int,
author = {Alan Genz},
title = {Hastings-Metropolis for Integration Problems},
year={2011},
url = {http://www.math.wsu.edu/faculty/genz/416/lect/l10-4.pdf},
}

@book{gupta1999matrix,
  title={Matrix Variate Distributions},
  author={Gupta, A.K. and Nagar, D.K.},
  isbn={9781584880462},
  lccn={99040291},
  series={Monographs and Surveys in Pure and Applied Mathematics},
  url={http://books.google.co.uk/books?id=PQOYnT7P1loC},
  pages = {55-82},
  year={1999},
  publisher={Taylor \& Francis}
}


@inproceedings{bayelookahead,
 author = {Wang, Xuezhi and Garnett, Roman and Schneider, Jeff},
 title = {Bayesian Active Search on Graphs},
 booktitle = {Proceedings of the 19th ACM SIGKDD International Conference on Knowledge Discovery and Data Mining},
 series = {KDD '13},
 year = {2013},
 isbn = {978-1-4503-2174-7},
 location = {Chicago, Illinois, USA},
 pages = {731--738},
 numpages = {8},
 url = {http://doi.acm.org/10.1145/2487575.2487605},
 doi = {10.1145/2487575.2487605},
 acmid = {2487605},
 publisher = {ACM},
 address = {New York, NY, USA},
 keywords = {active learning, graph search},
} 

@book{recsyshand,
abstract = {Recommender Systems (RSs) are software tools and techniques providing suggestions for items to be of use to a user. In this introductory chapter we briefly discuss basic RS ideas and concepts. Our main goal is to delineate, in a coherent and structured way, the chapters included in this handbook and to help the reader navigate the extremely rich and detailed content that the handbook offers.},
author = {Ricci, Francesco and Rokach, Lior and Shapira, Bracha and Kantor, Paul},
booktitle = {Recommender Systems Handbook},
doi = {10.1007/978-0-387-85820-3\_1},
isbn = {9780387858203},
issn = {14779234},
keywords = {Machine Learning},
pages = {1--35},
pmid = {21607264},
title = {{Introduction to Recommender Systems Handbook}},
url = {http://dx.doi.org/10.1007/978-0-387-85820-3\_1},
year = {2011}
}

@online{movielensdata,
author = {GroupLens},
title = {MovieLens 100k Dataset},
date = {2014},
url = {http://grouplens.org/datasets/movielens/},
}


@article{law2014drugbank,
  title={DrugBank 4.0: shedding new light on drug metabolism},
  author={Law, Vivian and Knox, Craig and Djoumbou, Yannick and Jewison, Tim and Guo, An Chi and Liu, Yifeng and Maciejewski, Adam and Arndt, David and Wilson, Michael and Neveu, Vanessa and others},
  journal={Nucleic acids research},
  volume={42},
  number={D1},
  url = {http://www.drugbank.ca},
  year={2014},
  publisher={Oxford Univ Press}
}
@online{hivadata,
author = {The National Cancer Institute (USA)},
title = {HIVA dataset for ETHZ Active Learning Challenge},
date = {2014},
url = {http://dtp.nci.nih.gov/docs/aids/aids_data.html},
}

@article{Wang09meansquared,
    author = {Zhou Wang and Alan C. Bovik},
    title = {Mean Squared Error: Love it or leave it?},
    journal = {IEEE SIGNAL PROCESSING MAGAZINE},
    pages={98-117},
    url = {http://dx.doi.org/10.1109/MSP.2008.930649},
    year = {2009}
}

@inproceedings{shan2010generalized,
  title={Generalized probabilistic matrix factorizations for collaborative filtering},
  author={Shan, Hanhuai and Banerjee, Arindam},
  booktitle={Data Mining (ICDM), 2010 IEEE 10th International Conference on},
  pages={1025--1030},
  year={2010},
  organization={IEEE},
  url = {www-users.cs.umn.edu/~shan/icdm10_gpmf.pdf}
}